<?xml version="1.0" encoding="UTF-8"?><collection xmlns="http://www.loc.gov/MARC21/slim"><record><leader>00536nam--2200181-u-4500</leader><controlfield tag="001">000055563</controlfield><controlfield tag="002">20161230</controlfield><controlfield tag="005">20161230201052</controlfield><controlfield tag="008">130225s1000------------r-----000-0-eng-d</controlfield><datafield ind1=" " ind2=" " tag="040"><subfield code="a">IFIN-HH</subfield></datafield><datafield ind1=" " ind2=" " tag="080"><subfield code="a">413.232=2=S</subfield></datafield><datafield ind1="1" ind2=" " tag="100"><subfield code="a">Heiler, L.B</subfield></datafield><datafield ind1="1" ind2="0" tag="245"><subfield code="a">Ehnglish-russian electrotehnical dictionary</subfield><subfield code="b">Anglo-russkii elektrotehniceskii slovari</subfield><subfield code="c">L.b. heiler, n.j. dozorov</subfield></datafield><datafield ind1=" " ind2=" " tag="260"><subfield code="a">Moskva</subfield><subfield code="b">Tehniko-teoreticeskoi Literaturi</subfield><subfield code="c">1951</subfield></datafield><datafield ind1=" " ind2=" " tag="300"><subfield code="a">732P</subfield></datafield><datafield ind1="1" ind2=" " tag="700"><subfield code="a">Dozorov, N.J</subfield></datafield><datafield ind1=" " ind2=" " tag="852"><subfield code="a">D.401</subfield><subfield code="c">SLT</subfield></datafield><datafield ind1=" " ind2=" " tag="CAT"><subfield code="a">Sys</subfield><subfield code="c">20130225</subfield><subfield code="h">170509</subfield></datafield></record></collection>